
@book{textbook,
author = {Eyal Kushilevitz and Noam Nisan},
title = {Communication complexity},
year = {2006},
edition = {2nd},
publisher = {Cambridge University Press},
}


